<record><leader>00000cas a2200000 a 4500</leader><controlfield tag="001">21487120</controlfield><controlfield tag="008">900507d1874190uiludn ne      0   a0eng c</controlfield><datafield ind1=" " ind2=" " tag="010"><subfield code="a">sn 90054912 </subfield></datafield><datafield ind1=" " ind2=" " tag="040"><subfield code="a">NVF</subfield><subfield code="b">eng</subfield><subfield code="c">NVF</subfield><subfield code="d">MGN</subfield><subfield code="d">NVF</subfield><subfield code="d">OCLCQ</subfield><subfield code="d">NVF</subfield><subfield code="d">OCLCQ</subfield><subfield code="d">OCLCF</subfield><subfield code="d">NVF</subfield><subfield code="d">OCLCO</subfield></datafield><datafield ind1="1" ind2=" " tag="029"><subfield code="a">AU@</subfield><subfield code="b">000025866407</subfield></datafield><datafield ind1=" " ind2=" " tag="042"><subfield code="a">pcc</subfield></datafield><datafield ind1=" " ind2=" " tag="043"><subfield code="a">n-us-il</subfield></datafield><datafield ind1="0" ind2="0" tag="245"><subfield code="a">Mattoon daily journal.</subfield></datafield><datafield ind1="1" ind2="3" tag="246"><subfield code="a">Mattoon journal</subfield></datafield><datafield ind1=" " ind2=" " tag="260"><subfield code="a">Mattoon, Ill. :</subfield><subfield code="b">T.E. Woods</subfield></datafield><datafield ind1=" " ind2=" " tag="300"><subfield code="a">v.</subfield></datafield><datafield ind1=" " ind2=" " tag="310"><subfield code="a">Daily (except Sunday),</subfield><subfield code="b">&lt;Aug. 28, 1876&gt;-&lt;&gt;</subfield></datafield><datafield ind1=" " ind2=" " tag="321"><subfield code="a">Daily (except Saturday)</subfield></datafield><datafield ind1="1" ind2=" " tag="362"><subfield code="a">Began in 1874?</subfield></datafield><datafield ind1=" " ind2=" " tag="515"><subfield code="a">Some issues lack volume numbering.</subfield></datafield><datafield ind1=" " ind2=" " tag="530"><subfield code="a">Preservation microfilmed by the University of Illinois at Urbana-Champaign Library as part of the United States Newspaper Program; the year 1900 (on 1 microfilm reel) is available for purchase from OCLC Preservation Service Centers.</subfield></datafield><datafield ind1=" " ind2=" " tag="580"><subfield code="a">Weekly ed.: Mattoon weekly journal, &lt;1902-1904&gt;</subfield></datafield><datafield ind1=" " ind2=" " tag="580"><subfield code="a">Merged with: Mattoon gazette, to form: Mattoon journal-gazette (Mattoon, Ill. : 1905).</subfield></datafield><datafield ind1=" " ind2=" " tag="588"><subfield code="a">Description based on: Vol. 1, no. 213 (Aug. 5, 1874).</subfield></datafield><datafield ind1=" " ind2=" " tag="588"><subfield code="a">Latest issue consulted: Dec. 31, 1904.</subfield></datafield><datafield ind1=" " ind2="0" tag="651"><subfield code="a">Mattoon (Ill.)</subfield><subfield code="v">Newspapers.</subfield></datafield><datafield ind1=" " ind2="7" tag="651"><subfield code="a">Illinois</subfield><subfield code="z">Mattoon.</subfield><subfield code="2">fast</subfield><subfield code="0">(OCoLC)fst01217883</subfield></datafield><datafield ind1=" " ind2="7" tag="655"><subfield code="a">Newspapers.</subfield><subfield code="2">fast</subfield><subfield code="0">(OCoLC)fst01423814</subfield></datafield><datafield ind1=" " ind2=" " tag="752"><subfield code="a">United States</subfield><subfield code="b">Illinois</subfield><subfield code="c">Coles</subfield><subfield code="d">Mattoon.</subfield></datafield><datafield ind1="1" ind2=" " tag="775"><subfield code="t">Mattoon weekly journal</subfield><subfield code="w">(DLC)sn 90054911</subfield><subfield code="w">(OCoLC)21486800</subfield></datafield><datafield ind1="1" ind2="7" tag="785"><subfield code="t">Mattoon gazette</subfield><subfield code="w">(DLC)sn 85033849</subfield><subfield code="w">(OCoLC)12290300</subfield></datafield><datafield ind1="1" ind2="7" tag="785"><subfield code="t">Mattoon journal-gazette (Mattoon, Ill. : 1905)</subfield><subfield code="w">(DLC)sn 90054913</subfield><subfield code="w">(OCoLC)21487283</subfield></datafield></record>